<record><leader>00000cas a22000007a 4500</leader><controlfield tag="001">10493997</controlfield><controlfield tag="008">840307d18131833pauwr ne      0    0eng d</controlfield><controlfield tag="009">3781</controlfield><datafield ind1=" " ind2=" " tag="010"><subfield code="a">sn 84026505 </subfield></datafield><datafield ind1=" " ind2=" " tag="040"><subfield code="a">NPU</subfield><subfield code="b">eng</subfield><subfield code="c">NPU</subfield><subfield code="d">NPY</subfield><subfield code="d">DLC</subfield><subfield code="d">NPX</subfield><subfield code="d">OCLCG</subfield><subfield code="d">DLC</subfield><subfield code="d">OCLCF</subfield></datafield><datafield ind1="1" ind2=" " tag="029"><subfield code="a">AU@</subfield><subfield code="b">000003229210</subfield></datafield><datafield ind1=" " ind2=" " tag="042"><subfield code="a">msc</subfield></datafield><datafield ind1=" " ind2=" " tag="043"><subfield code="a">n-us-pa</subfield></datafield><datafield ind1="0" ind2="0" tag="050"><subfield code="a">Newspaper</subfield></datafield><datafield ind1="0" ind2=" " tag="130"><subfield code="a">American Republican (Downingtown, Pa. : 1813)</subfield></datafield><datafield ind1="1" ind2="4" tag="245"><subfield code="a">The American Republican.</subfield></datafield><datafield ind1=" " ind2=" " tag="260"><subfield code="a">Downingtown, Pa. :</subfield><subfield code="b">Charles Mowry,</subfield><subfield code="c">1813-</subfield></datafield><datafield ind1=" " ind2=" " tag="300"><subfield code="a">v. ;</subfield><subfield code="c">47-52 cm.</subfield></datafield><datafield ind1=" " ind2=" " tag="310"><subfield code="a">Weekly</subfield></datafield><datafield ind1="0" ind2=" " tag="362"><subfield code="a">Vol. 5, no. 2 (Aug. 3, 1813)-    = whole no. 210-</subfield></datafield><datafield ind1="1" ind2=" " tag="362"><subfield code="a">Ceased in Jan. 1833.</subfield><subfield code="z">Cf. Sauer, E.M. "Chester Co. newspapers." Chester Co. Collections II (Nov. 1936): 45-50; V (Apr. 1937): 191-195.</subfield></datafield><datafield ind1=" " ind2=" " tag="500"><subfield code="a">Published at Downingtown, Pa. 1813-Apr. 3, 1822; at West Chester, Pa., Apr. 10, 1822-1833.</subfield></datafield><datafield ind1=" " ind2=" " tag="500"><subfield code="a">Publishers: William Schultz &amp; William J. Marshall, &lt;1820&gt;; Samuel Johnson, &lt;1823&gt;; Simeon Siegfried, &lt;1828&gt;; Robert B. Dodson &amp; Edgar S. Price, &lt;1830-1832&gt;.</subfield></datafield><datafield ind1=" " ind2=" " tag="500"><subfield code="a">"Democratic Republican."</subfield></datafield><datafield ind1="4" ind2=" " tag="510"><subfield code="a">Brigham, C.S.  Amer. newspapers,</subfield><subfield code="c">p. 840</subfield></datafield><datafield ind1=" " ind2=" " tag="515"><subfield code="a">Issues for Apr. 3-10, 1822 misdated Apr. 2-9; issue for Nov. 13, 1822 misdated Nov. 14.</subfield></datafield><datafield ind1=" " ind2="0" tag="651"><subfield code="a">Downingtown (Pa.)</subfield><subfield code="v">Newspapers.</subfield></datafield><datafield ind1=" " ind2="7" tag="655"><subfield code="a">Newspapers.</subfield><subfield code="2">fast</subfield><subfield code="0">(OCoLC)fst01423814</subfield></datafield><datafield ind1=" " ind2="7" tag="651"><subfield code="a">Pennsylvania</subfield><subfield code="z">Downingtown.</subfield><subfield code="2">fast</subfield><subfield code="0">(OCoLC)fst01220529</subfield></datafield><datafield ind1="1" ind2=" " tag="700"><subfield code="a">Mowry, C.</subfield><subfield code="q">(Charles),</subfield><subfield code="d">1777-1838.</subfield></datafield><datafield ind1="1" ind2=" " tag="700"><subfield code="a">Schultz, William.</subfield></datafield><datafield ind1="1" ind2=" " tag="700"><subfield code="a">Marshall, William J.</subfield></datafield><datafield ind1=" " ind2=" " tag="752"><subfield code="a">United States</subfield><subfield code="b">Pennsylvania</subfield><subfield code="c">Chester</subfield><subfield code="d">West Chester.</subfield></datafield><datafield ind1=" " ind2=" " tag="752"><subfield code="a">United States</subfield><subfield code="b">Pennsylvania</subfield><subfield code="c">Chester</subfield><subfield code="d">Downingtown.</subfield></datafield><datafield ind1="0" ind2="0" tag="780"><subfield code="t">Downingtown American Republican</subfield><subfield code="w">(DLC)sn 86071351</subfield></datafield><datafield ind1="0" ind2="7" tag="785"><subfield code="t">Chester County Democrat (Downington, Pa. : 1830)</subfield><subfield code="w">(DLC)sn 86053355</subfield></datafield><datafield ind1="0" ind2="7" tag="785"><subfield code="t">American Republican and Chester County Democrat</subfield><subfield code="w">(DLC)sn 86071352</subfield></datafield></record>